CoinPoker Hand #343148500: Hold'em No Limit (0.01/0.02) 2025/12/12 09:27:32 GMT
Table 'NL ₮2 IV' 7-max Seat #7 is the button
Seat 1: Belgiandude (1.98 in chips)
Seat 4: 23409m (3 in chips)
Seat 5: CPT3 (2.56 in chips)
Seat 6: HarryPARK (2.96 in chips)
Seat 7: nice27 (2.04 in chips)
Belgiandude: posts small blind 0.01
23409m: posts big blind 0.02
*** HOLE CARDS ***
Dealt to 23409m [Td Ts]
CPT3: raises 0.02 to 0.04
HarryPARK: folds
nice27: folds
Belgiandude: folds
23409m: raises 0.14 to 0.18
CPT3: calls 0.14
*** FLOP *** [Js Qd Jd]
23409m: bets 0.11
CPT3: calls 0.11
*** TURN *** [Js Qd Jd] [6s]
23409m: checks
CPT3: bets 0.18
23409m: calls 0.18
*** RIVER *** [Js Qd Jd 6s] [7c]
23409m: checks
CPT3: checks
*** SHOW DOWN ***
23409m: shows [Td Ts] (two pairs, Jacks and Tens)
CPT3: mucks hand
23409m collected 0.9 from pot
*** SUMMARY ***
Total pot 0.95 | CC 0.05
Board [ Js Qd Jd 6s 7c ]
Game ended: 2025/12/12 09:28:49 GMT
Seat 1: Belgiandude (small blind) folded before Flop
Seat 4: 23409m (big blind) showed [Td Ts] and won (0.9) with two pairs, Jacks and Tens
Seat 5: CPT3 mucked
Seat 6: HarryPARK folded before Flop (didn't bet)
Seat 7: nice27 (button) folded before Flop (didn't bet)
*** RNG ***
phrase:       A V+ A   j bX0    A=  ) / 
cards: (Js) (Qd) (Jd) (6s) (7c) 4d 9h 2d 3s 2c 6d 5d 5c 6h 5h Ac 8d 3h 9c Kh 4h As 3c Ah 9d 7s Tc 9s 6c 4c 8s Qc Qs Qh Kd Th 7h Jc XX XX XX XX
player_cards: 3 Td Ts


